<!DOCTYPE html>
<meta charset="utf-8" />
<!-- version 1 -->
<title>[Gen 9] Random Battle replay: ivanguku07 vs. simonorono</title>
<style>
html,body {font-family:Verdana, sans-serif;font-size:10pt;margin:0;padding:0;}body{padding:12px 0;} .battle-log {font-family:Verdana, sans-serif;font-size:10pt;} .battle-log-inline {border:1px solid #AAAAAA;background:#EEF2F5;color:black;max-width:640px;margin:0 auto 80px;padding-bottom:5px;} .battle-log .inner {padding:4px 8px 0px 8px;} .battle-log .inner-preempt {padding:0 8px 4px 8px;} .battle-log .inner-after {margin-top:0.5em;} .battle-log h2 {margin:0.5em -8px;padding:4px 8px;border:1px solid #AAAAAA;background:#E0E7EA;border-left:0;border-right:0;font-family:Verdana, sans-serif;font-size:13pt;} .battle-log .chat {vertical-align:middle;padding:3px 0 3px 0;font-size:8pt;} .battle-log .chat strong {color:#40576A;} .battle-log .chat em {padding:1px 4px 1px 3px;color:#000000;font-style:normal;} .chat.mine {background:rgba(0,0,0,0.05);margin-left:-8px;margin-right:-8px;padding-left:8px;padding-right:8px;} .spoiler {color:#BBBBBB;background:#BBBBBB;padding:0px 3px;} .spoiler:hover, .spoiler:active, .spoiler-shown {color:#000000;background:#E2E2E2;padding:0px 3px;} .spoiler a {color:#BBBBBB;} .spoiler:hover a, .spoiler:active a, .spoiler-shown a {color:#2288CC;} .chat code, .chat .spoiler:hover code, .chat .spoiler:active code, .chat .spoiler-shown code {border:1px solid #C0C0C0;background:#EEEEEE;color:black;padding:0 2px;} .chat .spoiler code {border:1px solid #CCCCCC;background:#CCCCCC;color:#CCCCCC;} .battle-log .rated {padding:3px 4px;} .battle-log .rated strong {color:white;background:#89A;padding:1px 4px;border-radius:4px;} .spacer {margin-top:0.5em;} .message-announce {background:#6688AA;color:white;padding:1px 4px 2px;} .message-announce a, .broadcast-green a, .broadcast-blue a, .broadcast-red a {color:#DDEEFF;} .broadcast-green {background-color:#559955;color:white;padding:2px 4px;} .broadcast-blue {background-color:#6688AA;color:white;padding:2px 4px;} .infobox {border:1px solid #6688AA;padding:2px 4px;} .infobox-limited {max-height:200px;overflow:auto;overflow-x:hidden;} .broadcast-red {background-color:#AA5544;color:white;padding:2px 4px;} .message-learn-canlearn {font-weight:bold;color:#228822;text-decoration:underline;} .message-learn-cannotlearn {font-weight:bold;color:#CC2222;text-decoration:underline;} .message-effect-weak {font-weight:bold;color:#CC2222;} .message-effect-resist {font-weight:bold;color:#6688AA;} .message-effect-immune {font-weight:bold;color:#666666;} .message-learn-list {margin-top:0;margin-bottom:0;} .message-throttle-notice, .message-error {color:#992222;} .message-overflow, .chat small.message-overflow {font-size:0pt;} .message-overflow::before {font-size:9pt;content:'...';} .subtle {color:#3A4A66;}
</style>
<div class="wrapper replay-wrapper" style="max-width:1180px;margin:0 auto">
<input type="hidden" name="replayid" value="gen9randombattle-1805349366" />
<div class="battle"></div><div class="battle-log"></div><div class="replay-controls"></div><div class="replay-controls-2"></div>
<h1 style="font-weight:normal;text-align:center"><strong>[Gen 9] Random Battle</strong><br /><a href="http://pokemonshowdown.com/users/ivanguku07" class="subtle" target="_blank">ivanguku07</a> vs. <a href="http://pokemonshowdown.com/users/simonorono" class="subtle" target="_blank">simonorono</a></h1>
<script type="text/plain" class="battle-log-data">|j|☆ivanguku07
|j|☆simonorono

|t:|1676980694
|gametype|singles
|player|p1|ivanguku07|lucas|1091
|player|p2|simonorono|blaine|1040
|teamsize|p1|6
|teamsize|p2|6
|gen|9
|tier|[Gen 9] Random Battle
|rated|
|rule|Species Clause: Limit one of each Pokémon
|rule|HP Percentage Mod: HP is shown in percentages
|rule|Sleep Clause Mod: Limit one foe put to sleep
|
|t:|1676980694
|start
|switch|p1a: Garchomp|Garchomp, L78, F|100\/100
|switch|p2a: Pelipper|Pelipper, L83, M|235\/235
|-weather|RainDance|[from] ability: Drizzle|[of] p2a: Pelipper
|turn|1
|
|t:|1676980713
|-terastallize|p1a: Garchomp|Steel
|move|p1a: Garchomp|Stone Edge|p2a: Pelipper
|-supereffective|p2a: Pelipper
|-damage|p2a: Pelipper|79\/235
|move|p2a: Pelipper|Ice Beam|p1a: Garchomp
|-resisted|p1a: Garchomp
|-damage|p1a: Garchomp|89\/100
|
|-weather|RainDance|[upkeep]
|upkeep
|turn|2
|
|t:|1676980730
|switch|p2a: Klawf|Klawf, L86, M|261\/261
|move|p1a: Garchomp|Stone Edge|p2a: Klawf
|-damage|p2a: Klawf|199\/261
|
|-weather|RainDance|[upkeep]
|upkeep
|turn|3
|
|t:|1676980743
|move|p1a: Garchomp|Earthquake|p2a: Klawf
|-supereffective|p2a: Klawf
|-damage|p2a: Klawf|5\/261
|move|p2a: Klawf|High Horsepower|p1a: Garchomp
|-supereffective|p1a: Garchomp
|-damage|p1a: Garchomp|23\/100
|-damage|p2a: Klawf|0 fnt|[from] ability: Rough Skin|[of] p1a: Garchomp
|faint|p2a: Klawf
|
|-weather|RainDance|[upkeep]
|upkeep
|
|t:|1676980762
|switch|p2a: Rillaboom|Rillaboom, L83, M|302\/302
|-fieldstart|move: Grassy Terrain|[from] ability: Grassy Surge|[of] p2a: Rillaboom
|turn|4
|
|t:|1676980769
|move|p2a: Rillaboom|Stomping Tantrum|p1a: Garchomp
|-supereffective|p1a: Garchomp
|-damage|p1a: Garchomp|0 fnt
|-damage|p2a: Rillaboom|265\/302|[from] ability: Rough Skin|[of] p1a: Garchomp
|faint|p1a: Garchomp
|
|-weather|RainDance|[upkeep]
|-heal|p2a: Rillaboom|283\/302|[from] Grassy Terrain
|upkeep
|
|t:|1676980784
|switch|p1a: Iron Moth|Iron Moth, L79|100\/100
|turn|5
|
|t:|1676980807
|switch|p2a: Haxorus|Haxorus, L80, M|253\/253
|-ability|p2a: Haxorus|Mold Breaker
|move|p1a: Iron Moth|Fiery Dance|p2a: Haxorus
|-resisted|p2a: Haxorus
|-damage|p2a: Haxorus|223\/253
|
|-weather|none
|-heal|p2a: Haxorus|238\/253|[from] Grassy Terrain
|upkeep
|turn|6
|
|t:|1676980827
|-end|p1a: Iron Moth|Quark Drive|[silent]
|switch|p1a: Mimikyu|Mimikyu, L82, F|100\/100
|-terastallize|p2a: Haxorus|Fighting
|move|p2a: Haxorus|Close Combat|p1a: Mimikyu
|-immune|p1a: Mimikyu
|
|-heal|p2a: Haxorus|253\/253|[from] Grassy Terrain
|upkeep
|turn|7
|
|t:|1676980846
|switch|p2a: Revavroom|Revavroom, L83, M|268\/268
|move|p1a: Mimikyu|Play Rough|p2a: Revavroom
|-resisted|p2a: Revavroom
|-damage|p2a: Revavroom|238\/268
|-damage|p1a: Mimikyu|91\/100|[from] item: Life Orb
|
|-heal|p1a: Mimikyu|97\/100|[from] Grassy Terrain
|-heal|p2a: Revavroom|254\/268|[from] Grassy Terrain
|upkeep
|turn|8
|
|t:|1676980866
|switch|p1a: Iron Moth|Iron Moth, L79|100\/100
|move|p2a: Revavroom|Gunk Shot|p1a: Iron Moth
|-resisted|p1a: Iron Moth
|-damage|p1a: Iron Moth|50\/100
|-damage|p2a: Revavroom|228\/268|[from] item: Life Orb
|
|-heal|p1a: Iron Moth|56\/100|[from] Grassy Terrain
|-heal|p2a: Revavroom|244\/268|[from] Grassy Terrain
|-fieldend|move: Grassy Terrain
|upkeep
|turn|9
|
|t:|1676980885
|switch|p2a: Haxorus|Haxorus, L80, M, tera:Fighting|253\/253
|-ability|p2a: Haxorus|Mold Breaker
|move|p1a: Iron Moth|Fiery Dance|p2a: Haxorus
|-damage|p2a: Haxorus|123\/253
|
|upkeep
|turn|10
|
|t:|1676980895
|-end|p1a: Iron Moth|Quark Drive|[silent]
|switch|p1a: Tinkaton|Tinkaton, L84, F|100\/100
|-ability|p1a: Tinkaton|Mold Breaker
|move|p2a: Haxorus|Close Combat|p1a: Tinkaton
|-damage|p1a: Tinkaton|42\/100
|-unboost|p2a: Haxorus|def|1
|-unboost|p2a: Haxorus|spd|1
|
|-heal|p1a: Tinkaton|48\/100|[from] item: Leftovers
|upkeep
|turn|11
|
|t:|1676980906
|move|p2a: Haxorus|Close Combat|p1a: Tinkaton
|-damage|p1a: Tinkaton|0 fnt
|-unboost|p2a: Haxorus|def|1
|-unboost|p2a: Haxorus|spd|1
|faint|p1a: Tinkaton
|
|upkeep
|
|t:|1676980912
|switch|p1a: Toxicroak|Toxicroak, L85, F|100\/100
|turn|12
|-message|ivanguku07 forfeited.
|
|win|simonorono
|raw|ivanguku07's rating: 1090 &rarr; <strong>1063<\/strong><br \/>(-27 for losing)
|raw|simonorono's rating: 1040 &rarr; <strong>1079<\/strong><br \/>(+39 for winning)
|l|☆ivanguku07</script>
</div>
<div class="battle-log battle-log-inline"><div class="inner"><div class="battle-options"><div style="padding-top: 3px; padding-right: 3px; text-align: right"><button class="icon button" name="openBattleOptions" title="Options">Battle Options</button></div></div><div class="inner message-log"><div class="chat"><small>☆ivanguku07 and ☆simonorono joined</small></div><div class=""><small>Format:</small> <br><strong>[Gen 9] Random Battle</strong></div><div class="rated"><strong>Rated battle</strong></div><div class=""><small><em>Species Clause:</em> Limit one of each Pokémon</small></div><div class=""><small><em>HP Percentage Mod:</em> HP is shown in percentages</small></div><div class=""><small><em>Sleep Clause Mod:</em> Limit one foe put to sleep</small></div><div class="spacer battle-history"><br></div><div class="battle-history">Battle started between ivanguku07 and simonorono!<br></div><div class="spacer battle-history"><br></div><div class="battle-history">ivanguku07 sent out <strong>Garchomp</strong>!<br></div><div class="spacer battle-history"><br></div><div class="battle-history">Go! <strong>Pelipper</strong>!<br></div><div class="battle-history">[Pelipper's Drizzle]<br><small>It started to rain!</small><br></div><div class="spacer battle-history"><br></div><h2 class="battle-history">Turn 1</h2><div class="spacer battle-history"><br></div><div class="battle-history"><small>The opposing Garchomp has Terastallized into the Steel-type!</small><br></div><div class="spacer battle-history"><br></div><div class="battle-history">The opposing Garchomp used <strong>Stone Edge</strong>!<br></div><div class="battle-history"><small>It's super effective!</small><br></div><div class="battle-history"><small>(Pelipper lost <abbr title="−156/235">66.4%</abbr> of its health!)</small><br></div><div class="spacer battle-history"><br></div><div class="battle-history">Pelipper used <strong>Ice Beam</strong>!<br></div><div class="battle-history"><small>It's not very effective...</small><br></div><div class="battle-history"><small>(The opposing Garchomp lost 11% of its health!)</small><br></div><div class="spacer battle-history"><br></div><div class="battle-history"><small>(Rain continues to fall.)</small><br></div><div class="spacer battle-history"><br></div><h2 class="battle-history">Turn 2</h2><div class="spacer battle-history"><br></div><div class="battle-history">Pelipper, come back!<br></div><div class="battle-history">Go! <strong>Klawf</strong>!<br></div><div class="spacer battle-history"><br></div><div class="battle-history">The opposing Garchomp used <strong>Stone Edge</strong>!<br></div><div class="battle-history"><small>(Klawf lost <abbr title="−62/261">23.8%</abbr> of its health!)</small><br></div><div class="spacer battle-history"><br></div><div class="battle-history"><small>(Rain continues to fall.)</small><br></div><div class="spacer battle-history"><br></div><h2 class="battle-history">Turn 3</h2><div class="spacer battle-history"><br></div><div class="battle-history">The opposing Garchomp used <strong>Earthquake</strong>!<br></div><div class="battle-history"><small>It's super effective!</small><br></div><div class="battle-history"><small>(Klawf lost <abbr title="−194/261">74.3%</abbr> of its health!)</small><br></div><div class="spacer battle-history"><br></div><div class="battle-history">Klawf used <strong>High Horsepower</strong>!<br></div><div class="battle-history"><small>It's super effective!</small><br></div><div class="battle-history"><small>(The opposing Garchomp lost 66% of its health!)</small><br></div><div class="battle-history">[The opposing Garchomp's Rough Skin]<br><small>Klawf was hurt!</small><br></div><div class="spacer battle-history"><br></div><div class="battle-history">Klawf fainted!<br></div><div class="spacer battle-history"><br></div><div class="battle-history"><small>(Rain continues to fall.)</small><br></div><div class="spacer battle-history"><br></div><div class="battle-history">Go! <strong>Rillaboom</strong>!<br></div><div class="battle-history">[Rillaboom's Grassy Surge]<br><small>Grass grew to cover the battlefield!</small><br></div><div class="spacer battle-history"><br></div><h2 class="battle-history">Turn 4</h2><div class="spacer battle-history"><br></div><div class="battle-history">Rillaboom used <strong>Stomping Tantrum</strong>!<br></div><div class="battle-history"><small>It's super effective!</small><br></div><div class="battle-history"><small>(The opposing Garchomp lost 23% of its health!)</small><br></div><div class="battle-history">[The opposing Garchomp's Rough Skin]<br><small>Rillaboom was hurt!</small><br></div><div class="spacer battle-history"><br></div><div class="battle-history">The opposing Garchomp fainted!<br></div><div class="spacer battle-history"><br></div><div class="battle-history"><small>(Rain continues to fall.)</small><br></div><div class="battle-history"><small>Rillaboom's HP was restored.</small><br></div><div class="spacer battle-history"><br></div><div class="battle-history">ivanguku07 sent out <strong>Iron Moth</strong>!<br></div><div class="spacer battle-history"><br></div><h2 class="battle-history">Turn 5</h2><div class="spacer battle-history"><br></div><div class="battle-history">Rillaboom, come back!<br></div><div class="battle-history">Go! <strong>Haxorus</strong>!<br></div><div class="battle-history">[Haxorus's Mold Breaker]<br><small>Haxorus breaks the mold!</small><br></div><div class="spacer battle-history"><br></div><div class="battle-history">The opposing Iron Moth used <strong>Fiery Dance</strong>!<br></div><div class="battle-history"><small>It's not very effective...</small><br></div><div class="battle-history"><small>(Haxorus lost <abbr title="−30/253">11.9%</abbr> of its health!)</small><br></div><div class="spacer battle-history"><br></div><div class="battle-history"><small>The rain stopped.</small><br></div><div class="battle-history"><small>Haxorus's HP was restored.</small><br></div><div class="spacer battle-history"><br></div><h2 class="battle-history">Turn 6</h2><div class="spacer battle-history"><br></div><div class="battle-history">ivanguku07 withdrew Iron Moth!<br></div><div class="battle-history">ivanguku07 sent out <strong>Mimikyu</strong>!<br></div><div class="spacer battle-history"><br></div><div class="battle-history"><small>Haxorus has Terastallized into the Fighting-type!</small><br></div><div class="spacer battle-history"><br></div><div class="battle-history">Haxorus used <strong>Close Combat</strong>!<br></div><div class="battle-history"><small>It doesn't affect the opposing Mimikyu...</small><br></div><div class="spacer battle-history"><br></div><div class="battle-history"><small>Haxorus's HP was restored.</small><br></div><div class="spacer battle-history"><br></div><h2 class="battle-history">Turn 7</h2><div class="spacer battle-history"><br></div><div class="battle-history">Haxorus, come back!<br></div><div class="battle-history">Go! <strong>Revavroom</strong>!<br></div><div class="spacer battle-history"><br></div><div class="battle-history">The opposing Mimikyu used <strong>Play Rough</strong>!<br></div><div class="battle-history"><small>It's not very effective...</small><br></div><div class="battle-history"><small>(Revavroom lost <abbr title="−30/268">11.2%</abbr> of its health!)</small><br></div><div class="battle-history"><small>The opposing Mimikyu lost some of its HP!</small><br></div><div class="spacer battle-history"><br></div><div class="battle-history"><small>The opposing Mimikyu's HP was restored.</small><br></div><div class="battle-history"><small>Revavroom's HP was restored.</small><br></div><div class="spacer battle-history"><br></div><h2 class="battle-history">Turn 8</h2><div class="spacer battle-history"><br></div><div class="battle-history">ivanguku07 withdrew Mimikyu!<br></div><div class="battle-history">ivanguku07 sent out <strong>Iron Moth</strong>!<br></div><div class="spacer battle-history"><br></div><div class="battle-history">Revavroom used <strong>Gunk Shot</strong>!<br></div><div class="battle-history"><small>It's not very effective...</small><br></div><div class="battle-history"><small>(The opposing Iron Moth lost 50% of its health!)</small><br></div><div class="battle-history"><small>Revavroom lost some of its HP!</small><br></div><div class="spacer battle-history"><br></div><div class="battle-history"><small>The opposing Iron Moth's HP was restored.</small><br></div><div class="battle-history"><small>Revavroom's HP was restored.</small><br></div><div class="battle-history"><small>The grass disappeared from the battlefield.</small><br></div><div class="spacer battle-history"><br></div><h2 class="battle-history">Turn 9</h2><div class="spacer battle-history"><br></div><div class="battle-history">Revavroom, come back!<br></div><div class="battle-history">Go! <strong>Haxorus</strong>!<br></div><div class="battle-history">[Haxorus's Mold Breaker]<br><small>Haxorus breaks the mold!</small><br></div><div class="spacer battle-history"><br></div><div class="battle-history">The opposing Iron Moth used <strong>Fiery Dance</strong>!<br></div><div class="battle-history"><small>(Haxorus lost <abbr title="−130/253">51.4%</abbr> of its health!)</small><br></div><div class="spacer battle-history"><br></div><h2 class="battle-history">Turn 10</h2><div class="spacer battle-history"><br></div><div class="battle-history">ivanguku07 withdrew Iron Moth!<br></div><div class="battle-history">ivanguku07 sent out <strong>Tinkaton</strong>!<br></div><div class="battle-history">[The opposing Tinkaton's Mold Breaker]<br><small>The opposing Tinkaton breaks the mold!</small><br></div><div class="spacer battle-history"><br></div><div class="battle-history">Haxorus used <strong>Close Combat</strong>!<br></div><div class="battle-history"><small>(The opposing Tinkaton lost 58% of its health!)</small><br></div><div class="battle-history"><small>Haxorus's Defense fell!</small><br></div><div class="battle-history"><small>Haxorus's Sp. Def fell!</small><br></div><div class="spacer battle-history"><br></div><div class="battle-history"><small>The opposing Tinkaton restored a little HP using its Leftovers!</small><br></div><div class="spacer battle-history"><br></div><h2 class="battle-history">Turn 11</h2><div class="spacer battle-history"><br></div><div class="battle-history">Haxorus used <strong>Close Combat</strong>!<br></div><div class="battle-history"><small>(The opposing Tinkaton lost 48% of its health!)</small><br></div><div class="battle-history"><small>Haxorus's Defense fell!</small><br></div><div class="battle-history"><small>Haxorus's Sp. Def fell!</small><br></div><div class="spacer battle-history"><br></div><div class="battle-history">The opposing Tinkaton fainted!<br></div><div class="spacer battle-history"><br></div><div class="battle-history">ivanguku07 sent out <strong>Toxicroak</strong>!<br></div><div class="spacer battle-history"><br></div><h2 class="battle-history">Turn 12</h2><div class="spacer battle-history"><br></div><div class="battle-history"><small>ivanguku07 forfeited.</small><br></div><div class="spacer battle-history"><br></div><div class="battle-history"><strong>simonorono</strong> won the battle!<br></div><div class="chat">ivanguku07's rating: 1090 → <strong>1063</strong><br>(-27 for losing)</div><div class="chat">simonorono's rating: 1040 → <strong>1079</strong><br>(+39 for winning)</div><div class="chat"><small>☆ivanguku07 left</small></div></div><div class="inner-preempt message-log"></div></div></div>
</div>
<script>
let daily = Math.floor(Date.now()/1000/60/60/24);document.write('<script src="https://play.pokemonshowdown.com/js/replay-embed.js?version'+daily+'"></'+'script>');
</script>
