<!DOCTYPE html>
<meta charset="utf-8" />
<!-- version 1 -->
<title>[Gen 9] Random Battle replay: Pesce5667uuu vs. simonorono</title>
<style>
html,body {font-family:Verdana, sans-serif;font-size:10pt;margin:0;padding:0;}body{padding:12px 0;} .battle-log {font-family:Verdana, sans-serif;font-size:10pt;} .battle-log-inline {border:1px solid #AAAAAA;background:#EEF2F5;color:black;max-width:640px;margin:0 auto 80px;padding-bottom:5px;} .battle-log .inner {padding:4px 8px 0px 8px;} .battle-log .inner-preempt {padding:0 8px 4px 8px;} .battle-log .inner-after {margin-top:0.5em;} .battle-log h2 {margin:0.5em -8px;padding:4px 8px;border:1px solid #AAAAAA;background:#E0E7EA;border-left:0;border-right:0;font-family:Verdana, sans-serif;font-size:13pt;} .battle-log .chat {vertical-align:middle;padding:3px 0 3px 0;font-size:8pt;} .battle-log .chat strong {color:#40576A;} .battle-log .chat em {padding:1px 4px 1px 3px;color:#000000;font-style:normal;} .chat.mine {background:rgba(0,0,0,0.05);margin-left:-8px;margin-right:-8px;padding-left:8px;padding-right:8px;} .spoiler {color:#BBBBBB;background:#BBBBBB;padding:0px 3px;} .spoiler:hover, .spoiler:active, .spoiler-shown {color:#000000;background:#E2E2E2;padding:0px 3px;} .spoiler a {color:#BBBBBB;} .spoiler:hover a, .spoiler:active a, .spoiler-shown a {color:#2288CC;} .chat code, .chat .spoiler:hover code, .chat .spoiler:active code, .chat .spoiler-shown code {border:1px solid #C0C0C0;background:#EEEEEE;color:black;padding:0 2px;} .chat .spoiler code {border:1px solid #CCCCCC;background:#CCCCCC;color:#CCCCCC;} .battle-log .rated {padding:3px 4px;} .battle-log .rated strong {color:white;background:#89A;padding:1px 4px;border-radius:4px;} .spacer {margin-top:0.5em;} .message-announce {background:#6688AA;color:white;padding:1px 4px 2px;} .message-announce a, .broadcast-green a, .broadcast-blue a, .broadcast-red a {color:#DDEEFF;} .broadcast-green {background-color:#559955;color:white;padding:2px 4px;} .broadcast-blue {background-color:#6688AA;color:white;padding:2px 4px;} .infobox {border:1px solid #6688AA;padding:2px 4px;} .infobox-limited {max-height:200px;overflow:auto;overflow-x:hidden;} .broadcast-red {background-color:#AA5544;color:white;padding:2px 4px;} .message-learn-canlearn {font-weight:bold;color:#228822;text-decoration:underline;} .message-learn-cannotlearn {font-weight:bold;color:#CC2222;text-decoration:underline;} .message-effect-weak {font-weight:bold;color:#CC2222;} .message-effect-resist {font-weight:bold;color:#6688AA;} .message-effect-immune {font-weight:bold;color:#666666;} .message-learn-list {margin-top:0;margin-bottom:0;} .message-throttle-notice, .message-error {color:#992222;} .message-overflow, .chat small.message-overflow {font-size:0pt;} .message-overflow::before {font-size:9pt;content:'...';} .subtle {color:#3A4A66;}
</style>
<div class="wrapper replay-wrapper" style="max-width:1180px;margin:0 auto">
<input type="hidden" name="replayid" value="gen9randombattle-1921620212" />
<div class="battle"></div><div class="battle-log"></div><div class="replay-controls"></div><div class="replay-controls-2"></div>
<h1 style="font-weight:normal;text-align:center"><strong>[Gen 9] Random Battle</strong><br /><a href="http://pokemonshowdown.com/users/pesce5667uuu" class="subtle" target="_blank">Pesce5667uuu</a> vs. <a href="http://pokemonshowdown.com/users/simonorono" class="subtle" target="_blank">simonorono</a></h1>
<script type="text/plain" class="battle-log-data">|j|☆Pesce5667uuu
|j|☆simonorono

|t:|1691852252
|gametype|singles
|player|p1|Pesce5667uuu|bugcatcher-gen4dp|1090
|player|p2|simonorono|sage|1079
|teamsize|p1|6
|teamsize|p2|6
|gen|9
|tier|[Gen 9] Random Battle
|rated|
|rule|Species Clause: Limit one of each Pokémon
|rule|HP Percentage Mod: HP is shown in percentages
|rule|Sleep Clause Mod: Limit one foe put to sleep
|
|t:|1691852252
|start
|switch|p1a: Brute Bonnet|Brute Bonnet, L81|100\/100
|switch|p2a: Magnezone|Magnezone, L84|255\/255
|turn|1
|
|t:|1691852269
|move|p2a: Magnezone|Volt Switch|p1a: Brute Bonnet
|-resisted|p1a: Brute Bonnet
|-damage|p1a: Brute Bonnet|86\/100
|
|t:|1691852274
|switch|p2a: Goodra|Goodra, L86, F|295\/295|[from] Volt Switch
|move|p1a: Brute Bonnet|Close Combat|p2a: Goodra
|-damage|p2a: Goodra|122\/295
|-unboost|p1a: Brute Bonnet|def|1
|-unboost|p1a: Brute Bonnet|spd|1
|
|upkeep
|turn|2
|
|t:|1691852294
|-end|p1a: Brute Bonnet|Protosynthesis|[silent]
|switch|p1a: Grimmsnarl|Grimmsnarl, L83, M|100\/100
|move|p2a: Goodra|Sludge Bomb|p1a: Grimmsnarl
|-supereffective|p1a: Grimmsnarl
|-damage|p1a: Grimmsnarl|43\/100
|
|-heal|p1a: Grimmsnarl|49\/100|[from] item: Leftovers
|upkeep
|turn|3
|
|t:|1691852305
|move|p2a: Goodra|Sludge Bomb|p1a: Grimmsnarl
|-supereffective|p1a: Grimmsnarl
|-damage|p1a: Grimmsnarl|0 fnt
|faint|p1a: Grimmsnarl
|
|upkeep
|
|t:|1691852321
|switch|p1a: Scream Tail|Scream Tail, L84|100\/100
|turn|4
|
|t:|1691852339
|move|p1a: Scream Tail|Thunder Wave|p2a: Goodra
|-status|p2a: Goodra|par
|move|p2a: Goodra|Sludge Bomb|p1a: Scream Tail
|-supereffective|p1a: Scream Tail
|-damage|p1a: Scream Tail|62\/100
|
|-heal|p1a: Scream Tail|68\/100|[from] item: Leftovers
|upkeep
|turn|5
|
|t:|1691852349
|move|p1a: Scream Tail|Wish|p1a: Scream Tail
|move|p2a: Goodra|Sludge Bomb|p1a: Scream Tail
|-supereffective|p1a: Scream Tail
|-damage|p1a: Scream Tail|33\/100
|
|-heal|p1a: Scream Tail|39\/100|[from] item: Leftovers
|upkeep
|turn|6
|
|t:|1691852357
|move|p1a: Scream Tail|Play Rough|p2a: Goodra
|-supereffective|p2a: Goodra
|-damage|p2a: Goodra|0 fnt
|faint|p2a: Goodra
|
|-heal|p1a: Scream Tail|89\/100|[from] move: Wish|[wisher] Scream Tail
|-heal|p1a: Scream Tail|95\/100|[from] item: Leftovers
|upkeep
|
|t:|1691852377
|switch|p2a: Magnezone|Magnezone, L84|255\/255
|turn|7
|
|t:|1691852389
|-end|p1a: Scream Tail|Protosynthesis|[silent]
|switch|p1a: Brute Bonnet|Brute Bonnet, L81|86\/100
|move|p2a: Magnezone|Flash Cannon|p1a: Brute Bonnet
|-damage|p1a: Brute Bonnet|53\/100
|
|upkeep
|turn|8
|
|t:|1691852429
|switch|p2a: Florges|Florges-Orange, L85, F|271\/271
|move|p1a: Brute Bonnet|Close Combat|p2a: Florges
|-resisted|p2a: Florges
|-damage|p2a: Florges|191\/271
|-unboost|p1a: Brute Bonnet|def|1
|-unboost|p1a: Brute Bonnet|spd|1
|
|-heal|p2a: Florges|207\/271|[from] item: Leftovers
|upkeep
|turn|9
|
|t:|1691852445
|-end|p1a: Brute Bonnet|Protosynthesis|[silent]
|switch|p1a: Scream Tail|Scream Tail, L84|95\/100
|move|p2a: Florges|Calm Mind|p2a: Florges
|-boost|p2a: Florges|spa|1
|-boost|p2a: Florges|spd|1
|
|-heal|p1a: Scream Tail|100\/100|[from] item: Leftovers
|-heal|p2a: Florges|223\/271|[from] item: Leftovers
|upkeep
|turn|10
|
|t:|1691852463
|move|p2a: Florges|Protect|p2a: Florges
|-singleturn|p2a: Florges|Protect
|move|p1a: Scream Tail|Thunder Wave|p2a: Florges
|-activate|p2a: Florges|move: Protect
|
|-heal|p2a: Florges|239\/271|[from] item: Leftovers
|upkeep
|turn|11
|
|t:|1691852473
|move|p1a: Scream Tail|Thunder Wave|p2a: Florges
|-status|p2a: Florges|par
|move|p2a: Florges|Moonblast|p1a: Scream Tail
|-damage|p1a: Scream Tail|60\/100
|-unboost|p1a: Scream Tail|spa|1
|
|-heal|p1a: Scream Tail|67\/100|[from] item: Leftovers
|-heal|p2a: Florges|255\/271 par|[from] item: Leftovers
|upkeep
|turn|12
|
|t:|1691852484
|move|p1a: Scream Tail|Play Rough|p2a: Florges|[miss]
|-miss|p1a: Scream Tail|p2a: Florges
|cant|p2a: Florges|par
|
|-heal|p1a: Scream Tail|73\/100|[from] item: Leftovers
|-heal|p2a: Florges|271\/271 par|[from] item: Leftovers
|upkeep
|turn|13
|
|t:|1691852493
|move|p1a: Scream Tail|Wish|p1a: Scream Tail
|move|p2a: Florges|Calm Mind|p2a: Florges
|-boost|p2a: Florges|spa|1
|-boost|p2a: Florges|spd|1
|
|-heal|p1a: Scream Tail|79\/100|[from] item: Leftovers
|upkeep
|turn|14
|
|t:|1691852502
|-end|p1a: Scream Tail|Protosynthesis|[silent]
|switch|p1a: Brute Bonnet|Brute Bonnet, L81|53\/100
|cant|p2a: Florges|par
|
|-heal|p1a: Brute Bonnet|100\/100|[from] move: Wish|[wisher] Scream Tail
|upkeep
|turn|15
|
|t:|1691852510
|move|p1a: Brute Bonnet|Crunch|p2a: Florges
|-resisted|p2a: Florges
|-damage|p2a: Florges|183\/271 par
|move|p2a: Florges|Moonblast|p1a: Brute Bonnet
|-supereffective|p1a: Brute Bonnet
|-damage|p1a: Brute Bonnet|0 fnt
|faint|p1a: Brute Bonnet
|-end|p1a: Brute Bonnet|Protosynthesis|[silent]
|
|-heal|p2a: Florges|199\/271 par|[from] item: Leftovers
|upkeep
|
|t:|1691852522
|switch|p1a: Crabominable|Crabominable, L90, M|100\/100
|turn|16
|
|t:|1691852540
|move|p1a: Crabominable|Drain Punch|p2a: Florges
|-resisted|p2a: Florges
|-damage|p2a: Florges|79\/271 par
|move|p2a: Florges|Moonblast|p1a: Crabominable
|-supereffective|p1a: Crabominable
|-damage|p1a: Crabominable|0 fnt
|faint|p1a: Crabominable
|
|-heal|p2a: Florges|95\/271 par|[from] item: Leftovers
|upkeep
|
|t:|1691852553
|switch|p1a: Vigoroth|Vigoroth, L85, F|100\/100
|turn|17
|
|t:|1691852558
|move|p1a: Vigoroth|Bulk Up|p1a: Vigoroth
|-boost|p1a: Vigoroth|atk|1
|-boost|p1a: Vigoroth|def|1
|cant|p2a: Florges|par
|
|-heal|p2a: Florges|111\/271 par|[from] item: Leftovers
|upkeep
|turn|18
|
|t:|1691852567
|move|p1a: Vigoroth|Bulk Up|p1a: Vigoroth
|-boost|p1a: Vigoroth|atk|1
|-boost|p1a: Vigoroth|def|1
|move|p2a: Florges|Moonblast|p1a: Vigoroth
|-damage|p1a: Vigoroth|17\/100
|
|-heal|p2a: Florges|127\/271 par|[from] item: Leftovers
|upkeep
|turn|19
|
|t:|1691852591
|move|p2a: Florges|Protect|p2a: Florges
|-singleturn|p2a: Florges|Protect
|move|p1a: Vigoroth|Body Slam|p2a: Florges
|-activate|p2a: Florges|move: Protect
|
|-heal|p2a: Florges|143\/271 par|[from] item: Leftovers
|upkeep
|turn|20
|
|t:|1691852600
|move|p1a: Vigoroth|Body Slam|p2a: Florges
|-damage|p2a: Florges|0 fnt
|faint|p2a: Florges
|
|upkeep
|
|t:|1691852605
|switch|p2a: Magnezone|Magnezone, L84|255\/255
|turn|21
|
|t:|1691852610
|move|p2a: Magnezone|Thunderbolt|p1a: Vigoroth
|-damage|p1a: Vigoroth|0 fnt
|faint|p1a: Vigoroth
|
|upkeep
|
|t:|1691852617
|switch|p1a: Espathra|Espathra, L80, F|100\/100
|turn|22
|-message|Pesce5667uuu forfeited.
|
|win|simonorono
|raw|Pesce5667uuu's rating: 1090 &rarr; <strong>1066<\/strong><br \/>(-24 for losing)
|raw|simonorono's rating: 1079 &rarr; <strong>1108<\/strong><br \/>(+29 for winning)
|l|☆Pesce5667uuu</script>
</div>
<div class="battle-log battle-log-inline"><div class="inner"><div class="battle-options"><div style="padding-top: 3px; padding-right: 3px; text-align: right"><button class="icon button" name="openBattleOptions" title="Options">Battle Options</button></div></div><div class="inner message-log"><div class="chat"><small>☆Pesce5667uuu and ☆simonorono joined</small></div><div class=""><small>Format:</small> <br><strong>[Gen 9] Random Battle</strong></div><div class="rated"><strong>Rated battle</strong></div><div class=""><small><em>Species Clause:</em> Limit one of each Pokémon</small></div><div class=""><small><em>HP Percentage Mod:</em> HP is shown in percentages</small></div><div class=""><small><em>Sleep Clause Mod:</em> Limit one foe put to sleep</small></div><div class="spacer battle-history"><br></div><div class="battle-history">Battle started between Pesce5667uuu and simonorono!<br></div><div class="spacer battle-history"><br></div><div class="battle-history">Pesce5667uuu sent out <strong>Brute Bonnet</strong>!<br></div><div class="spacer battle-history"><br></div><div class="battle-history">Go! <strong>Magnezone</strong>!<br></div><div class="spacer battle-history"><br></div><h2 class="battle-history">Turn 1</h2><div class="spacer battle-history"><br></div><div class="battle-history">Magnezone used <strong>Volt Switch</strong>!<br></div><div class="battle-history"><small>It's not very effective...</small><br></div><div class="battle-history"><small>(The opposing Brute Bonnet lost 14% of its health!)</small><br></div><div class="spacer battle-history"><br></div><div class="battle-history">Magnezone went back to simonorono!<br></div><div class="battle-history">Go! <strong>Goodra</strong>!<br></div><div class="spacer battle-history"><br></div><div class="battle-history">The opposing Brute Bonnet used <strong>Close Combat</strong>!<br></div><div class="battle-history"><small>(Goodra lost <abbr title="−173/295">58.6%</abbr> of its health!)</small><br></div><div class="battle-history"><small>The opposing Brute Bonnet's Defense fell!</small><br></div><div class="battle-history"><small>The opposing Brute Bonnet's Sp. Def fell!</small><br></div><div class="spacer battle-history"><br></div><h2 class="battle-history">Turn 2</h2><div class="spacer battle-history"><br></div><div class="battle-history">Pesce5667uuu withdrew Brute Bonnet!<br></div><div class="battle-history">Pesce5667uuu sent out <strong>Grimmsnarl</strong>!<br></div><div class="spacer battle-history"><br></div><div class="battle-history">Goodra used <strong>Sludge Bomb</strong>!<br></div><div class="battle-history"><small>It's super effective!</small><br></div><div class="battle-history"><small>(The opposing Grimmsnarl lost 57% of its health!)</small><br></div><div class="spacer battle-history"><br></div><div class="battle-history"><small>The opposing Grimmsnarl restored a little HP using its Leftovers!</small><br></div><div class="spacer battle-history"><br></div><h2 class="battle-history">Turn 3</h2><div class="spacer battle-history"><br></div><div class="battle-history">Goodra used <strong>Sludge Bomb</strong>!<br></div><div class="battle-history"><small>It's super effective!</small><br></div><div class="battle-history"><small>(The opposing Grimmsnarl lost 49% of its health!)</small><br></div><div class="spacer battle-history"><br></div><div class="battle-history">The opposing Grimmsnarl fainted!<br></div><div class="spacer battle-history"><br></div><div class="battle-history">Pesce5667uuu sent out <strong>Scream Tail</strong>!<br></div><div class="spacer battle-history"><br></div><h2 class="battle-history">Turn 4</h2><div class="spacer battle-history"><br></div><div class="battle-history">The opposing Scream Tail used <strong>Thunder Wave</strong>!<br></div><div class="battle-history"><small>Goodra is paralyzed! It may be unable to move!</small><br></div><div class="spacer battle-history"><br></div><div class="battle-history">Goodra used <strong>Sludge Bomb</strong>!<br></div><div class="battle-history"><small>It's super effective!</small><br></div><div class="battle-history"><small>(The opposing Scream Tail lost 38% of its health!)</small><br></div><div class="spacer battle-history"><br></div><div class="battle-history"><small>The opposing Scream Tail restored a little HP using its Leftovers!</small><br></div><div class="spacer battle-history"><br></div><h2 class="battle-history">Turn 5</h2><div class="spacer battle-history"><br></div><div class="battle-history">The opposing Scream Tail used <strong>Wish</strong>!<br></div><div class="spacer battle-history"><br></div><div class="battle-history">Goodra used <strong>Sludge Bomb</strong>!<br></div><div class="battle-history"><small>It's super effective!</small><br></div><div class="battle-history"><small>(The opposing Scream Tail lost 35% of its health!)</small><br></div><div class="spacer battle-history"><br></div><div class="battle-history"><small>The opposing Scream Tail restored a little HP using its Leftovers!</small><br></div><div class="spacer battle-history"><br></div><h2 class="battle-history">Turn 6</h2><div class="spacer battle-history"><br></div><div class="battle-history">The opposing Scream Tail used <strong>Play Rough</strong>!<br></div><div class="battle-history"><small>It's super effective!</small><br></div><div class="battle-history"><small>(Goodra lost <abbr title="−122/295">41.4%</abbr> of its health!)</small><br></div><div class="spacer battle-history"><br></div><div class="battle-history">Goodra fainted!<br></div><div class="spacer battle-history"><br></div><div class="battle-history"><small>Scream Tail's wish came true!</small><br></div><div class="battle-history"><small>The opposing Scream Tail restored a little HP using its Leftovers!</small><br></div><div class="spacer battle-history"><br></div><div class="battle-history">Go! <strong>Magnezone</strong>!<br></div><div class="spacer battle-history"><br></div><h2 class="battle-history">Turn 7</h2><div class="spacer battle-history"><br></div><div class="battle-history">Pesce5667uuu withdrew Scream Tail!<br></div><div class="battle-history">Pesce5667uuu sent out <strong>Brute Bonnet</strong>!<br></div><div class="spacer battle-history"><br></div><div class="battle-history">Magnezone used <strong>Flash Cannon</strong>!<br></div><div class="battle-history"><small>(The opposing Brute Bonnet lost 33% of its health!)</small><br></div><div class="spacer battle-history"><br></div><h2 class="battle-history">Turn 8</h2><div class="spacer battle-history"><br></div><div class="battle-history">Magnezone, come back!<br></div><div class="battle-history">Go! Florges (<strong>Florges-Orange</strong>)!<br></div><div class="spacer battle-history"><br></div><div class="battle-history">The opposing Brute Bonnet used <strong>Close Combat</strong>!<br></div><div class="battle-history"><small>It's not very effective...</small><br></div><div class="battle-history"><small>(Florges lost <abbr title="−80/271">29.5%</abbr> of its health!)</small><br></div><div class="battle-history"><small>The opposing Brute Bonnet's Defense fell!</small><br></div><div class="battle-history"><small>The opposing Brute Bonnet's Sp. Def fell!</small><br></div><div class="spacer battle-history"><br></div><div class="battle-history"><small>Florges restored a little HP using its Leftovers!</small><br></div><div class="spacer battle-history"><br></div><h2 class="battle-history">Turn 9</h2><div class="spacer battle-history"><br></div><div class="battle-history">Pesce5667uuu withdrew Brute Bonnet!<br></div><div class="battle-history">Pesce5667uuu sent out <strong>Scream Tail</strong>!<br></div><div class="spacer battle-history"><br></div><div class="battle-history">Florges used <strong>Calm Mind</strong>!<br></div><div class="battle-history"><small>Florges's Sp. Atk rose!</small><br></div><div class="battle-history"><small>Florges's Sp. Def rose!</small><br></div><div class="spacer battle-history"><br></div><div class="battle-history"><small>The opposing Scream Tail restored a little HP using its Leftovers!</small><br></div><div class="battle-history"><small>Florges restored a little HP using its Leftovers!</small><br></div><div class="spacer battle-history"><br></div><h2 class="battle-history">Turn 10</h2><div class="spacer battle-history"><br></div><div class="battle-history">Florges used <strong>Protect</strong>!<br></div><div class="battle-history"><small>Florges protected itself!</small><br></div><div class="spacer battle-history"><br></div><div class="battle-history">The opposing Scream Tail used <strong>Thunder Wave</strong>!<br></div><div class="battle-history"><small>Florges protected itself!</small><br></div><div class="spacer battle-history"><br></div><div class="battle-history"><small>Florges restored a little HP using its Leftovers!</small><br></div><div class="spacer battle-history"><br></div><h2 class="battle-history">Turn 11</h2><div class="spacer battle-history"><br></div><div class="battle-history">The opposing Scream Tail used <strong>Thunder Wave</strong>!<br></div><div class="battle-history"><small>Florges is paralyzed! It may be unable to move!</small><br></div><div class="spacer battle-history"><br></div><div class="battle-history">Florges used <strong>Moonblast</strong>!<br></div><div class="battle-history"><small>(The opposing Scream Tail lost 40% of its health!)</small><br></div><div class="battle-history"><small>The opposing Scream Tail's Sp. Atk fell!</small><br></div><div class="spacer battle-history"><br></div><div class="battle-history"><small>The opposing Scream Tail restored a little HP using its Leftovers!</small><br></div><div class="battle-history"><small>Florges restored a little HP using its Leftovers!</small><br></div><div class="spacer battle-history"><br></div><h2 class="battle-history">Turn 12</h2><div class="spacer battle-history"><br></div><div class="battle-history">The opposing Scream Tail used <strong>Play Rough</strong>!<br></div><div class="battle-history"><small>Florges avoided the attack!</small><br></div><div class="spacer battle-history"><br></div><div class="battle-history">Florges is paralyzed! It can't move!<br></div><div class="spacer battle-history"><br></div><div class="battle-history"><small>The opposing Scream Tail restored a little HP using its Leftovers!</small><br></div><div class="battle-history"><small>Florges restored a little HP using its Leftovers!</small><br></div><div class="spacer battle-history"><br></div><h2 class="battle-history">Turn 13</h2><div class="spacer battle-history"><br></div><div class="battle-history">The opposing Scream Tail used <strong>Wish</strong>!<br></div><div class="spacer battle-history"><br></div><div class="battle-history">Florges used <strong>Calm Mind</strong>!<br></div><div class="battle-history"><small>Florges's Sp. Atk rose!</small><br></div><div class="battle-history"><small>Florges's Sp. Def rose!</small><br></div><div class="spacer battle-history"><br></div><div class="battle-history"><small>The opposing Scream Tail restored a little HP using its Leftovers!</small><br></div><div class="spacer battle-history"><br></div><h2 class="battle-history">Turn 14</h2><div class="spacer battle-history"><br></div><div class="battle-history">Pesce5667uuu withdrew Scream Tail!<br></div><div class="battle-history">Pesce5667uuu sent out <strong>Brute Bonnet</strong>!<br></div><div class="spacer battle-history"><br></div><div class="battle-history">Florges is paralyzed! It can't move!<br></div><div class="spacer battle-history"><br></div><div class="battle-history"><small>Scream Tail's wish came true!</small><br></div><div class="spacer battle-history"><br></div><h2 class="battle-history">Turn 15</h2><div class="spacer battle-history"><br></div><div class="battle-history">The opposing Brute Bonnet used <strong>Crunch</strong>!<br></div><div class="battle-history"><small>It's not very effective...</small><br></div><div class="battle-history"><small>(Florges lost <abbr title="−88/271">32.5%</abbr> of its health!)</small><br></div><div class="spacer battle-history"><br></div><div class="battle-history">Florges used <strong>Moonblast</strong>!<br></div><div class="battle-history"><small>It's super effective!</small><br></div><div class="battle-history"><small>(The opposing Brute Bonnet lost 100% of its health!)</small><br></div><div class="spacer battle-history"><br></div><div class="battle-history">The opposing Brute Bonnet fainted!<br></div><div class="spacer battle-history"><br></div><div class="battle-history"><small>Florges restored a little HP using its Leftovers!</small><br></div><div class="spacer battle-history"><br></div><div class="battle-history">Pesce5667uuu sent out <strong>Crabominable</strong>!<br></div><div class="spacer battle-history"><br></div><h2 class="battle-history">Turn 16</h2><div class="spacer battle-history"><br></div><div class="battle-history">The opposing Crabominable used <strong>Drain Punch</strong>!<br></div><div class="battle-history"><small>It's not very effective...</small><br></div><div class="battle-history"><small>(Florges lost <abbr title="−120/271">44.3%</abbr> of its health!)</small><br></div><div class="spacer battle-history"><br></div><div class="battle-history">Florges used <strong>Moonblast</strong>!<br></div><div class="battle-history"><small>It's super effective!</small><br></div><div class="battle-history"><small>(The opposing Crabominable lost 100% of its health!)</small><br></div><div class="spacer battle-history"><br></div><div class="battle-history">The opposing Crabominable fainted!<br></div><div class="spacer battle-history"><br></div><div class="battle-history"><small>Florges restored a little HP using its Leftovers!</small><br></div><div class="spacer battle-history"><br></div><div class="battle-history">Pesce5667uuu sent out <strong>Vigoroth</strong>!<br></div><div class="spacer battle-history"><br></div><h2 class="battle-history">Turn 17</h2><div class="spacer battle-history"><br></div><div class="battle-history">The opposing Vigoroth used <strong>Bulk Up</strong>!<br></div><div class="battle-history"><small>The opposing Vigoroth's Attack rose!</small><br></div><div class="battle-history"><small>The opposing Vigoroth's Defense rose!</small><br></div><div class="spacer battle-history"><br></div><div class="battle-history">Florges is paralyzed! It can't move!<br></div><div class="spacer battle-history"><br></div><div class="battle-history"><small>Florges restored a little HP using its Leftovers!</small><br></div><div class="spacer battle-history"><br></div><h2 class="battle-history">Turn 18</h2><div class="spacer battle-history"><br></div><div class="battle-history">The opposing Vigoroth used <strong>Bulk Up</strong>!<br></div><div class="battle-history"><small>The opposing Vigoroth's Attack rose!</small><br></div><div class="battle-history"><small>The opposing Vigoroth's Defense rose!</small><br></div><div class="spacer battle-history"><br></div><div class="battle-history">Florges used <strong>Moonblast</strong>!<br></div><div class="battle-history"><small>(The opposing Vigoroth lost 83% of its health!)</small><br></div><div class="spacer battle-history"><br></div><div class="battle-history"><small>Florges restored a little HP using its Leftovers!</small><br></div><div class="spacer battle-history"><br></div><h2 class="battle-history">Turn 19</h2><div class="spacer battle-history"><br></div><div class="battle-history">Florges used <strong>Protect</strong>!<br></div><div class="battle-history"><small>Florges protected itself!</small><br></div><div class="spacer battle-history"><br></div><div class="battle-history">The opposing Vigoroth used <strong>Body Slam</strong>!<br></div><div class="battle-history"><small>Florges protected itself!</small><br></div><div class="spacer battle-history"><br></div><div class="battle-history"><small>Florges restored a little HP using its Leftovers!</small><br></div><div class="spacer battle-history"><br></div><h2 class="battle-history">Turn 20</h2><div class="spacer battle-history"><br></div><div class="battle-history">The opposing Vigoroth used <strong>Body Slam</strong>!<br></div><div class="battle-history"><small>(Florges lost <abbr title="−143/271">52.8%</abbr> of its health!)</small><br></div><div class="spacer battle-history"><br></div><div class="battle-history">Florges fainted!<br></div><div class="spacer battle-history"><br></div><div class="battle-history">Go! <strong>Magnezone</strong>!<br></div><div class="spacer battle-history"><br></div><h2 class="battle-history">Turn 21</h2><div class="spacer battle-history"><br></div><div class="battle-history">Magnezone used <strong>Thunderbolt</strong>!<br></div><div class="battle-history"><small>(The opposing Vigoroth lost 17% of its health!)</small><br></div><div class="spacer battle-history"><br></div><div class="battle-history">The opposing Vigoroth fainted!<br></div><div class="spacer battle-history"><br></div><div class="battle-history">Pesce5667uuu sent out <strong>Espathra</strong>!<br></div><div class="spacer battle-history"><br></div><h2 class="battle-history">Turn 22</h2><div class="spacer battle-history"><br></div><div class="battle-history"><small>Pesce5667uuu forfeited.</small><br></div><div class="spacer battle-history"><br></div><div class="battle-history"><strong>simonorono</strong> won the battle!<br></div><div class="chat">Pesce5667uuu's rating: 1090 → <strong>1066</strong><br>(-24 for losing)</div><div class="chat">simonorono's rating: 1079 → <strong>1108</strong><br>(+29 for winning)</div><div class="chat"><small>☆Pesce5667uuu left</small></div></div><div class="inner-preempt message-log"></div></div></div>
</div>
<script>
let daily = Math.floor(Date.now()/1000/60/60/24);document.write('<script src="https://play.pokemonshowdown.com/js/replay-embed.js?version'+daily+'"></'+'script>');
</script>
